<record><leader>00000cas a22000007a 4500</leader><controlfield tag="001">32676156</controlfield><controlfield tag="008">950620d19121912ncuwr ne      0    0eng d</controlfield><datafield ind1=" " ind2=" " tag="010"><subfield code="a">sn 95072322 </subfield></datafield><datafield ind1=" " ind2=" " tag="040"><subfield code="a">NVJ</subfield><subfield code="b">eng</subfield><subfield code="c">NVJ</subfield><subfield code="d">OCLCQ</subfield><subfield code="d">DLC</subfield></datafield><datafield ind1=" " ind2=" " tag="042"><subfield code="a">msc</subfield></datafield><datafield ind1="0" ind2="0" tag="245"><subfield code="a">Western Carolina Democrat.</subfield></datafield><datafield ind1=" " ind2=" " tag="260"><subfield code="a">Hendersonville, N.C. :</subfield><subfield code="b">M.L. Shipman</subfield></datafield><datafield ind1=" " ind2=" " tag="300"><subfield code="a">v.</subfield></datafield><datafield ind1=" " ind2=" " tag="310"><subfield code="a">Weekly</subfield></datafield><datafield ind1="0" ind2=" " tag="362"><subfield code="a">Vol. 1, no. 1 (Jan. 3, 1912)-</subfield></datafield><datafield ind1="1" ind2=" " tag="362"><subfield code="a">Ceased in Dec. 1912.</subfield></datafield><datafield ind1=" " ind2=" " tag="752"><subfield code="a">United States</subfield><subfield code="b">North Carolina</subfield><subfield code="c">Henderson</subfield><subfield code="d">Hendersonville.</subfield></datafield><datafield ind1="0" ind2="7" tag="785"><subfield code="t">French Broad hustler (Hendersonville, N.C. : 1896)</subfield><subfield code="x">2375-902X</subfield><subfield code="w">(DLC)sn 91068158</subfield><subfield code="w">(OCoLC)24487472</subfield></datafield><datafield ind1="0" ind2="7" tag="785"><subfield code="t">Western Carolina Democrat and French Broad hustler</subfield><subfield code="x">2376-0338</subfield><subfield code="w">(DLC)sn 91068159</subfield><subfield code="w">(OCoLC)24487712</subfield></datafield></record>